@book{Aho:72,
    author  = {Alfred V. Aho and Jeffrey D. Ullman},
    title   = {The Theory of Parsing, Translation and Compiling},
    year    = "1972",
    volume  = "1",
    publisher = {Prentice-Hall},
    address = {Englewood Cliffs, NJ}
}

@book{APA:83,
    author  = {{American Psychological Association}},
    title   = {Publications Manual},
    year    = "1983",
   publisher = {American Psychological Association},
   address = {Washington, DC}
}

@article{ACM:83,
	author = {Association for Computing Machinery},
	year = "1983",
	journal = {Computing Reviews},
	volume = "24",
	number = "11",
	pages = "503--512"
}

@article{Chandra:81,
	author = {Ashok K. Chandra and Dexter C. Kozen and Larry J. Stockmeyer},
	year = "1981",
	title = {Alternation},
	journal = {Journal of the Association for Computing Machinery},
	volume = "28",
	number = "1",
	pages = "114--133",
	doi = "10.1145/322234.322243",
}

@inproceedings{andrew2007scalable,
  title={Scalable training of {L1}-regularized log-linear models},
  author={Andrew, Galen and Gao, Jianfeng},
  booktitle={Proceedings of the 24th International Conference on Machine Learning},
  pages={33--40},
  year={2007},
}

@book{Gusfield:97,
    author  = {Dan Gusfield},
    title   = {Algorithms on Strings, Trees and Sequences},
    year    = "1997",
    publisher = {Cambridge University Press},
    address = {Cambridge, UK}
}

@inproceedings{borsch2011,
	Address = {Canberra, Australia},
	Author = {Benjamin Borschinger and Mark Johnson},
	Booktitle = {Proceedings of the Australasian Language Technology Association Workshop 2011},
	Month = {December},
	Pages = {10--18},
	Title = {A Particle Filter algorithm for {B}ayesian Wordsegmentation},
	Year = {2011}}

@article{rasooli-tetrault-2015,
    author    = {Mohammad Sadegh Rasooli and Joel R. Tetreault},
    title     = {Yara Parser: {A} Fast and Accurate Dependency Parser},
    journal   = {Computing Research Repository},
    volume    = {arXiv:1503.06733},
    year      = {2015},
    url       = {http://arxiv.org/abs/1503.06733},
    note    = {version 2}
}

@article{Ando2005,
	Acmid = {1194905},
	Author = {Ando, Rie Kubota and Zhang, Tong},
	Issn = {1532-4435},
	Issue_Date = {12/1/2005},
	Journal = {Journal of Machine Learning Research},
	Month = dec,
	Numpages = {37},
	Pages = {1817--1853},
	Publisher = {JMLR.org},
	Title = {A Framework for Learning Predictive Structures from Multiple Tasks and Unlabeled Data},
	Volume = {6},
	Year = {2005}}

@InProceedings{P16-1001,
  author =	"Goodman, James
  	 and Vlachos, Andreas
	     and Naradowsky, Jason",
  title =    "Noise reduction and targeted exploration in imitation learning for      Abstract Meaning Representation parsing    ",
  booktitle = 	    "Proceedings of the 54th Annual Meeting of the Association for      Computational Linguistics (Volume 1: Long Papers)    ",
  year =    "2016",
  publisher =	"Association for Computational Linguistics",
  pages =   "1--11",
  location =	"Berlin, Germany",
  doi =    "10.18653/v1/P16-1001",
  url =    "http://aclweb.org/anthology/P16-1001"
}

@InProceedings{C14-1001,
  author =	"Harper, Mary",
  title = 	"Learning from 26 Languages: Program Management and Science in the {B}abel Program",
  booktitle = 	"Proceedings of COLING 2014, the 25th International Conference on Computational Linguistics: Technical Papers",
  year =    "2014",
  publisher =	"Dublin City University and Association for Computational Linguistics",
  pages =   "1",
  location =	"Dublin, Ireland",
  url =    "http://aclweb.org/anthology/C14-1001"
}
@ARTICLE{Herremans, 
author={D. Herremans and K. Sörensen and D. Martens}, 
journal={Computer Music Journal}, 
title={Classification and Generation of Composer-Specific Music Using Global Feature Models and Variable Neighborhood Search}, 
year={2015}, 
volume={39}, 
number={3}, 
pages={71-91}, 
keywords={}, 
doi={10.1162/COMJ_a_00316}, 
ISSN={0148-9267}, 
month={Sept},}
@MISC{Buzz,
    author = {Giuseppe Buzzanca},
    title = {A Supervised Learning Approach to Musical Style Recognition},
    year = {2002}
}
@INPROCEEDINGS{Hillewaere,
    author = {Ruben Hillewaere and Bernard M and Darrell Conklin},
    title = {String quartet classification with monophonic models},
    booktitle = {In ISMIR},
    year = {2010},
    pages = {537--542}
}
@MISC{n-gram,
    author = {Jacek Wołkowicz and Zbigniew Kulka and Vlado Kešelj},
    title = {ARCHIVES OF ACOUSTICS 33, 1, 43–55 (2008) n-GRAM-BASED APPROACH TO COMPOSER RECOGNITION},
    year = {2007}
}
@book{Chomsky,
    author  = {Noam Chomsky},
    title   = {Syntactic Structures},
    year    = "1957",
    publisher = {Mouton},
}
@book{Bernstein,
    author  = {Leonard Bernstein},
    title   = {The Unanswered Question: Six Talks at Harvard},
    year    = "1976",
    publisher = {Cambridge: Harvard University Press},
}

@inproceedings{Mearns,
 author = {Mearns, Lesley and Tidhar, Dan and Dixon, Simon},
 title = {Characterisation of Composer Style Using High-level Musical Features},
 booktitle = {Proceedings of 3rd International Workshop on Machine Learning and Music},
 series = {MML '10},
 year = {2010},
 isbn = {978-1-4503-0161-9},
 location = {Firenze, Italy},
 pages = {37--40},
 numpages = {4},
 url = {http://doi.acm.org/10.1145/1878003.1878016},
 doi = {10.1145/1878003.1878016},
 acmid = {1878016},
 publisher = {ACM},
 address = {New York, NY, USA},
 keywords = {counterpoint, machine learning, music, style},
} 
@ARTICLE{Dor, 
author={O. Dor and Y. Reich}, 
journal={Computer Music Journal}, 
title={An Evaluation of Musical Score Characteristics for Automatic Classification of Composers}, 
year={2011}, 
volume={35}, 
number={3}, 
pages={86-97}, 
keywords={}, 
doi={10.1162/COMJ_a_00071}, 
ISSN={0148-9267}, 
month={Sept},}